@article{johnson2015honey,
  title={Honey bee toxicology},
  author={Johnson, Reed M.},
  journal={Annual review of entomology},
  volume={60},
  pages={415--434},
  year={2015},
  publisher={Annual Reviews}
}
@online{Multimedpomucka,
	author = {Navrátil, S. and Klíma, Z. and Palíková, M.},
	title = {CHOROBY VČEL - multimediální pomůcka},
	date = {},
	url = {https://fvhe.vfu.cz/static/informace-o-fakulte/sekce-ustavy/uvozp/choroby-vcel},
	urldate = {2020-03-16},
}
@book{svobodovaveterinarni,
	title={Veterin{\'a}rn{\'\i} toxikologie v klinick{\'e} praxi},
	author={Svobodová, Z. and kolektiv},
	year={2008},
	publisher={Profi Press, s.r.o.}
}
@online{vyhlaska327,
	title = {Vyhláška č. 327/2012 Sb.},
	date = {},
	url = {https://www.zakonyprolidi.cz/cs/2012-327},
	urldate = {2020-03-16},
}
@book{vcelarstviTomsik,
	title={Včelařství},
	author={Tomšík, B.},
	year={1953},
	publisher={Praha: Nakladatelství Československé akademie věd}
}
@book{vcelarstviVeselý,
	title={Včelařství},
	author={Veselý, V. and kolektiv},
	year={2003},
	publisher={Praha: Nakladatelství Brázda, s.r.o.}
}
@book{vcelymyty,
	title={V{\v{c}}el{\'\i} produkty m{\`y}t{\uu} zbaven{\'e}: med, vosk, pyl, mate{\v{r}}{\'\i} ka{\v{s}}i{\v{c}}ka, propolis, v{\v{c}}el{\'\i} jed},
	author={Tit{\v{e}}ra, D.},
	year={2006},
	publisher={Br{\'a}zda}
}
@book{Pridal,
title={Včelařství},
author={Přidal, A.},
year={2005},
publisher={Mendelova zemědělská a lesnická univerzita v~Brně}
}

@online{Botany,
	title = {BOTANY.cz},
	url = {https://botany.cz/cs/},
	urldate = {2020-03-31},
}

@online{vcelicka,
	title = {Amazing cliparts collection},
	url = {https://clipart.com},
	urldate = {2020-05-05},
}

@article{pain2015sweet,
	title={Sweet deceit},
	author={Pain, S.},
	journal={New Scientist},
	volume={226},
	number={3018},
	pages={42--45},
	year={2015},
	publisher={Elsevier}
}

@article{Detzel1993,
	author = {Detzel, A. and Wink, M.},
	doi = {10.1007/BF01245891},
	file = {:C$\backslash$:/Users/Magdalenky ultrabook/Desktop/V{\v{c}}ely/detzel1993.pdf:pdf},
	issn = {09377409},
	journal = {Chemoecology},
	keywords = {Apis mellifera,Hymenoptera,alkaloids,allelochemicals,chemical defence,feeding deterrence,honeybee,nectar,pollen,toxicity},
	number = {1},
	pages = {8--18},
	title = {{Attraction, deterrence or intoxication of bees (Apis mellifera) by plant allelochemicals}},
	volume = {4},
	year = {1993}
}


@article{Pawlikowski2010,
	author = {Pawlikowski, T.},
	file = {:C$\backslash$:/Users/Magdalenky ultrabook/Desktop/A135-JAS-Pawlikowski.pdf:pdf},
	issn = {16434439},
	journal = {Journal of Apicultural Science},
	keywords = {Apiformes,Bees,Pollination activity,Tilia cordata,Tilia tomentosa},
	number = {2},
	pages = {73--79},
	title = {{Pollination activity of bees (Apoidea: Apiformes) visiting the flowers of tilia cordata mill. and tilia tomentosa moench in an urban environment}},
	volume = {54},
	year = {2010}
}
@article{wright2013caffeine,
	title={Caffeine in floral nectar enhances a pollinator's memory of reward},
	author={Wright, G.A. and Baker, D.D. and Palmer, M.J. and Stabler, D. and Mustard, J.A. and Power, E.F. and Borland, A.M. and Stevenson, P.C.},
	journal={science},
	volume={339},
	number={6124},
	pages={1202--1204},
	year={2013},
	publisher={American Association for the Advancement of Science}
}
@book{BeeWales,
	author = {Mumford, J.D. and Knight, J.D. and Kenyon, L.},
	year = {2008},
	month = {09},
	pages = {},
	title = {Honeybee Health (risks) in England and Wales},
	isbn = {9780102954654}
}

@article{Almond,
	author = {Kevan, P. and Ebert, T.},
	year = {2005},
	month = {06},
	pages = {507-509},
	title = {Can almond nectar \& pollen poison honey bees?},
	volume = {145},
	journal = {American Bee Journal}
}
@article{London-Shafir2003,
	author = {London-Shafir, I. and Shafir, S. and Eisikowitch, D.},
	doi = {10.1007/s00606-003-0272-y},
	file = {:C$\backslash$:/Users/Magdalenky ultrabook/Sta{\v{z}}en{\'{e}} soubory/London-Shafiretal2003.pdf:pdf},
	issn = {03782697},
	journal = {Plant Systematics and Evolution},
	keywords = {Almond,Amygdalin,Amygdalus communis L.,Honeybees,Nectar,Pollen,Pollination,Secondary compounds},
	number = {1-4},
	pages = {87--95},
	title = {{Amygdalin in almond nectar and pollen - Facts and possible roles}},
	volume = {238},
	year = {2003}
}
@online{PyrolizEagri,
	author = {EFSA and ÚZEI},
	title = {Zdravotní dopady přítomnosti pyrrolizidinových alkaloidů v potravinách a krmivech},
	date = {2011-11-08},
	url = {http://eagri.cz/public/web/mze/potraviny/bezpecnost-potravin/efsa/zdravotni-dopady-pritomnosti.html},
	urldate = {2020-04-14},
}
@article{vansell1933plant,
	title={A plant poisonous to adult bees},
	author={Vansell, G.H. and Watkins, W.G.},
	journal={Journal of Economic Entomology},
	volume={26},
	number={1},
	pages={168--170},
	year={1933},
	publisher={Oxford University Press Oxford, UK}
} 
 @article{palmer1962poisoning,
	title={Poisoning of honey bees by nectar from the karaka tree (Corynocarpus laevigata JR et G. Forst.)},
	author={Palmer-Jones, T. and Line, L.J.S.},
	journal={New Zealand Journal of Agricultural Research},
	volume={5},
	number={5-6},
	pages={433--436},
	year={1962},
	publisher={Taylor \& Francis}
} 
@article{adler2000ecological,
	title={The ecological significance of toxic nectar},
	author={Adler, Lynn S.},
	journal={Oikos},
	volume={91},
	number={3},
	pages={409--420},
	year={2000},
	publisher={Wiley Online Library}
}
@article{vansell1934adult,
	title={Adult bees found dying on spotted loco},
	author={Vansell, G.H. and Watkins, W.G.},
	journal={Journal of Economic Entomology},
	volume={27},
	number={3},
	pages={635--637},
	year={1934},
	publisher={Oxford University Press Oxford, UK}
}
@article{clinch1972effect,
	title={Effect on honey bees of nectar from the yellow kowhai (Sophora microphylla Ait.)},
	author={Clinch, P.G. and Palmer-Jones, T. and Forster, I.W.},
	journal={New Zealand Journal of Agricultural Research},
	volume={15},
	number={1},
	pages={194--201},
	year={1972},
	publisher={Taylor \& Francis}
} 

@article{sharma1986toxicity,
	title={Toxicity of nectar of tea (Camellia thea L.) to honeybees},
	author={Sharma, O.P. and Raj, D. and Garg, R.},
	journal={Journal of Apicultural Research},
	volume={25},
	number={2},
	pages={106--108},
	year={1986},
	publisher={Taylor \& Francis}
} 
@article{islam2014toxic,
	title={Toxic compounds in honey},
	author={Islam, M.D. Nazmul and Khalil, Md Ibrahim and Islam, Md Asiful and Gan, Siew Hua},
	journal={Journal of Applied Toxicology},
	volume={34},
	number={7},
	pages={733--742},
	year={2014},
	publisher={Wiley Online Library}
} 